<?xml version="1.0" encoding="UTF-8"?><collection xmlns="http://www.loc.gov/MARC21/slim"><record><leader>00325nam--2200133-i-4500</leader><controlfield tag="001">000013555</controlfield><controlfield tag="002">20161230</controlfield><controlfield tag="005">20161230201030</controlfield><controlfield tag="008">060222s1000------------r-----000-0-eng-d</controlfield><datafield ind1=" " ind2=" " tag="100"><subfield code="a">Coxeter, H.S.M</subfield></datafield><datafield ind1=" " ind2=" " tag="245"><subfield code="a">Regular complex polytopes</subfield></datafield><datafield ind1=" " ind2=" " tag="260"><subfield code="a">Cambridge, University Press, 1974</subfield></datafield><datafield ind1=" " ind2=" " tag="490"><subfield code="a">X+183p</subfield></datafield><datafield ind1=" " ind2=" " tag="852"><subfield code="a">548.1:538.911</subfield></datafield></record></collection>